01REMESSA01COBRANCA       00000000000005751675PRONTA SECURITIZADORA S A     237BRADESCO       260325        MX0005404                                                                                                                                                                                                                                                                                     000001
1000000000000000000 0009057230070266835790                    0002010000005000483200000000002N           1  011431 4/5  05052500000000691190000000001N180225040000000000001150000000000000000000000000000000000000000000000208870072000100MHP   MANGUEIRAS HIDRAULICAS PARANAGUA LROD BR 277  KM 05  15,                              83250000002734649000161  SEREPTA COMERCIO E IMPORTACAO DE ARTEFATOS 000002
1000000000000000000 0009057230070266835123                    0002010000005000402600000000002N           1  011369 3/3  02052500000001063220000000001N310125040000000000001770000000000000000000000000000000000000000000000203043499000102J HERBERTS E CIA LTDA                   AV ALMIRANTE TAMANDARE 1 017,                       85980000002734649000161  SEREPTA COMERCIO E IMPORTACAO DE ARTEFATOS 000003
1000000000000000000 0009057230070266835088                    0002010000005000398400000000002N           1  011366 3/3  02052500000001098520000000001N310125040000000000001830000000000000000000000000000000000000000000000221623153000165TEC MAQUINAS E EQUIPAMENTOS LTDA        AV MARIA DE PAULA SANTANA  2320   LOJA 0            36570001002734649000161  SEREPTA COMERCIO E IMPORTACAO DE ARTEFATOS 000004
1000000000000000000 0009057230070266835129                    0002010000005000410700000000002N           1  011388 3/4  02052500000004526630000000001N310125040000000000007540000000000000000000000000000000000000000000000212354535000140BASE FORTE GEOTECNIA LTDA               R MARANHAO  20   LETRA D,                           89815420002734649000161  SEREPTA COMERCIO E IMPORTACAO DE ARTEFATOS 000005
1000000000000000000 0009057230070266836135                    0002010000005000514600000000002N           1  011437 6/7  04062500000002799960000000001N190225040000000000004670000000000000000000000000000000000000000000000220847648000105BRAZIL FLEX   COMERCIO IMPORTACAO E EXPOR DOS ALIADOS,791                                   14080570002734649000161  SEREPTA COMERCIO E IMPORTACAO DE ARTEFATOS 000006
1000000000000000000 0009057230070266835084                    0002010000005000428P00000000002N           1  011408 2/3  11042500000001001460000000001N100225040000000000001670000000000000000000000000000000000000000000000279804548000144MARTIFERRO PECAS E ACESSORIOS LTDA      R CEARA  1026,                                      85960000002734649000161  SEREPTA COMERCIO E IMPORTACAO DE ARTEFATOS 000007
1000000000000000000 0009057230070266836126                    0002010000005000532400000000002N           1  011446 3/3  03062500000001114630000000001N050325040000000000001860000000000000000000000000000000000000000000000255088784000143TLF HIDRAULICA E PNEUMATICA LTDA        RUA GIOVANNI GRANDO FILHO,441                       95705882002734649000161  SEREPTA COMERCIO E IMPORTACAO DE ARTEFATOS 000008
1000000000000000000 0009057230070266834910                    0002010000000100325100000000002N           1  012877/003  07052500000004910000000000001N050225040000000000013090000000000000000000000000000000000000000000000232884135000153JOSE LACERDA DA SILVA                   RUA DO GASOMETRO,460                                03004000012350541000129  FABRICA DE ESQUADRIAS SANTA HELENA LTDA    000009
1000000000000000000 0009057230070266836141                    0002010000005000519700000000002N           1  011439 2/3  08042500000000660300000000001N250225040000000000001100000000000000000000000000000000000000000000000221090862000122CCS COMERCIO DE MAQUINAS LTDA           AV MARECHAL FLORIANO PEIXOTO  2401,                 80220000002734649000161  SEREPTA COMERCIO E IMPORTACAO DE ARTEFATOS 000010
1000000000000000000 0009057230070266835779                    0002010000005000482400000000002N           1  011431 3/5  22042500000000691190000000001N180225040000000000001150000000000000000000000000000000000000000000000208870072000100MHP   MANGUEIRAS HIDRAULICAS PARANAGUA LROD BR 277  KM 05  15,                              83250000002734649000161  SEREPTA COMERCIO E IMPORTACAO DE ARTEFATOS 000011
1000000000000000000 0009057230070266836117                    0002010000005000526P00000000002N           1  011444 3/3  28052500000001229020000000001N270225040000000000002050000000000000000000000000000000000000000000000221617504000125G S COMERCIO DE MANGUEIRAS LTDA         AV PRESIDENTE GETULIO VARGAS  3666   GAL            68745000002734649000161  SEREPTA COMERCIO E IMPORTACAO DE ARTEFATOS 000012
1000000000000000000 0009057230070266835135                    0002010000005000403400000000002N           1  011373 5/5  02052500000000798320000000001N310125040000000000001330000000000000000000000000000000000000000000000233007602000120J L DO NASCIMENTO AJFLEX MANGUEIRAS HIDRRODOVIA DOS MINERIOS,11887                          83513000002734649000161  SEREPTA COMERCIO E IMPORTACAO DE ARTEFATOS 000013
1000000000000000000 0009057230070266835050                    0002010000000100404500000000002N           1  01000000000010032500000003074300000000001N100225040000000000008200000000000000000000000000000000000000000000000202614911000487FERTIPAR SUDESTE ADUBOS E CORRETIVOS AGRRODOVIA MG 449,S/N                                  37820000053838073000113  C CONNECT UP SOLUCOES EM REDES LTDA        000014
1000000000000000000 0009057230070266835772                    0002010000005000451400000000002N           1  011406 3/3  12052500000001064640000000001N100225040000000000001770000000000000000000000000000000000000000000000202994474000121FACEMAQ COMERCIO E MANUTENCAO DE MAQUINAAV MARECHAL FLORIANO,2.650                          80220000002734649000161  SEREPTA COMERCIO E IMPORTACAO DE ARTEFATOS 000015
1000000000000000000 0009057230070266835804                    0002010000005000459P00000000002N           1  011423 1/4  17032500000001665930000000001N140225040000000000002780000000000000000000000000000000000000000000000205029991000159DOMINIO EQUIPAMENTOS RODOVIARIOS LTDA   ROD BR 376   KM 131  SN   SAIDA P PARANA            87070990002734649000161  SEREPTA COMERCIO E IMPORTACAO DE ARTEFATOS 000016
1000000000000000000 0009057230070266835769                    0002010000005000486700000000002N           1  011432 2/2  22042500000001017070000000001N180225040000000000001700000000000000000000000000000000000000000000000202219717000154CRISTIANO MARTINS                       R CARLOS SPHOR FILHO  2769,                         95900010002734649000161  SEREPTA COMERCIO E IMPORTACAO DE ARTEFATOS 000017
1000000000000000000 0009057230070266836144                    0002010000005000513800000000002N           1  011437 5/7  20052500000002799960000000001N190225040000000000004670000000000000000000000000000000000000000000000220847648000105BRAZIL FLEX   COMERCIO IMPORTACAO E EXPOR DOS ALIADOS,791                                   14080570002734649000161  SEREPTA COMERCIO E IMPORTACAO DE ARTEFATOS 000018
1000000000000000000 0009057230070266835762                    0002010000005000454900000000002N           1  011411 3/3  15052500000002040890000000001N110225040000000000003400000000000000000000000000000000000000000000000243161559000297SERRA ARTIGOS DE BORRACHA LTDA          AV GRACA ARANHA  255   LOJA 01,                     29114330002734649000161  SEREPTA COMERCIO E IMPORTACAO DE ARTEFATOS 000019
1000000000000000000 0009057230070266836143                    0002010000005000528600000000002N           1  011445 2/3  05052500000000788990000000001N050325040000000000001310000000000000000000000000000000000000000000000204785438000183CONVICTA INDUSTRIA E COMERCIO LTDA      AV GUATUPE  4321   BARRACAO A,                      83055530002734649000161  SEREPTA COMERCIO E IMPORTACAO DE ARTEFATOS 000020
1000000000000000000 0009057230070266835100                    0002010000005000408500000000002N           1  011384 3/4  02052500000002383210000000001N310125040000000000003970000000000000000000000000000000000000000000000220847648000105BRAZIL FLEX   COMERCIO IMPORTACAO E EXPOR DOS ALIADOS,791                                   14080570002734649000161  SEREPTA COMERCIO E IMPORTACAO DE ARTEFATOS 000021
1000000000000000000 0009057230070266835002                    0002010000000100446000000000002N           1  014647/001  10042500000003030000000000001N100225040000000000008080000000000000000000000000000000000000000000000261168001000134NOVIDEX INDUSTRIAL LTDA EPP             RUA JACUNA,314                                      02068010005761896000145  INNPLAST INDUSTRIA PLASTICA LTDA           000022
1000000000000000000 0009057230070266836132                    0002010000005000500600000000002N           1  011382 4/4  02062500000002590210000000001N310125040000000000004320000000000000000000000000000000000000000000000245737248000178MINAS COMERCIO DE MANGUEIRAS E BORRACHASRUA DAS PRIMAVERAS  25,                             38183664002734649000161  SEREPTA COMERCIO E IMPORTACAO DE ARTEFATOS 000023
1000000000000000000 0009057230070266835102                    0002010000005000436000000000002N           1  011411 2/3  15042500000002040900000000001N110225040000000000003400000000000000000000000000000000000000000000000243161559000297SERRA ARTIGOS DE BORRACHA LTDA          AV GRACA ARANHA  255   LOJA 01,                     29114330002734649000161  SEREPTA COMERCIO E IMPORTACAO DE ARTEFATOS 000024
1000000000000000000 0009057230070266835039                    0002010000000100414200000000002N           1  01001258/00212042500000001806670000000001N110225040000000000004820000000000000000000000000000000000000000000000224294221000188CURITIBA NOBREAK E ESTABILIZADORES LTDA RUA PRESIDENTE RODRIGO OTAVIO,106                   80050320006119445000171  GRATZIA   COMERCIO DE PECAS PARA INDUSTRIAS000025
1000000000000000000 0009057230070266835027                    0002010000000100398700000000002N           1  0111755-102 20042500000001664040000000001N110225040000000000004440000000000000000000000000000000000000000000000205043673000142E C MARTINS SEGURANCA LTDA              RUA JOAQUIM MEDEIROS,910                            17350302004658432000145  ASATEC SULAMERICA TECNOLOGIA ANTI ROUBO LTD000026
1000000000000000000 0009057230070266834975                    0002010000000100380400000000002N           1  01NF1916-1/030042500000007186960000000001N060225040000000000019170000000000000000000000000000000000000000000000234926926000124DAMASC MOVEIS LTDA                      RUA AV PARANA,394                                   87013070000365698000149  PERASSOLI COMERCIO  INDUSTRIA  EXPORTACAO E000027
1000000000000000000 0009057230070266835809                    0002010000005000494800000000002N           1  011434 4/5  05052500000001620500000000001N190225040000000000002700000000000000000000000000000000000000000000000209061415000140RIWAS COMERCIO E MANUTENCAO DE HIDRAULICRUA ELVIRA MORO COSTA,420                           83015806002734649000161  SEREPTA COMERCIO E IMPORTACAO DE ARTEFATOS 000028
1000000000000000000 0009057230070266835010                    0002010000000100441P00000000002N           1  014644/002  17042500000001672360000000001N100225040000000000004460000000000000000000000000000000000000000000000239249058000109THIAGO MARQUES AMORIM                   AVENIDA CELSO DOS SANTOS,537                        04658240005761896000145  INNPLAST INDUSTRIA PLASTICA LTDA           000029
1000000000000000000 0009057230070266835096                    0002010000005000395P00000000002N           1  011361 3/3  02052500000001347220000000001N310125040000000000002250000000000000000000000000000000000000000000000237523957000122GUSMANN COMERCIO DIGITAL LTDA           RUA BENJAMIN CONSTANT  1851   SALA 604,             86010350002734649000161  SEREPTA COMERCIO E IMPORTACAO DE ARTEFATOS 000030
1000000000000000000 0009057230070266835104                    0002010000005000416600000000002N           1  011393 3/4  06052500000001673650000000001N050225040000000000002790000000000000000000000000000000000000000000000278152451000131TORQUE MAQUINAS E EQUIPAMENTOS LTDA     AVENIDA WINSTON CHURCHILL  390,                     81130000002734649000161  SEREPTA COMERCIO E IMPORTACAO DE ARTEFATOS 000031
1000000000000000000 0009057230070266835802                    0002010000005000458100000000002N           1  011422 2/2  15042500000000867970000000001N140225040000000000001450000000000000000000000000000000000000000000000203366075000189HVI INDUSTRIA DE SISTEMAS HIDRAULICOS LTR JOAO BETTEGA,6011                                 81350000002734649000161  SEREPTA COMERCIO E IMPORTACAO DE ARTEFATOS 000032
1000000000000000000 0009057230070266835006                    0002010000000100447900000000002N           1  014647/002  17042500000003030000000000001N100225040000000000008080000000000000000000000000000000000000000000000261168001000134NOVIDEX INDUSTRIAL LTDA EPP             RUA JACUNA,314                                      02068010005761896000145  INNPLAST INDUSTRIA PLASTICA LTDA           000033
1000000000000000000 0009057230070266835047                    0002010000000100410P00000000002N           1  01000000000008042500000003425540000000001N110225040000000000009130000000000000000000000000000000000000000000000213237761000103SGF TELEINFORMATICA LTDA                RUA BARAO DO CERRO AZUL,330                         84010210053838073000113  C CONNECT UP SOLUCOES EM REDES LTDA        000034
1000000000000000000 0009057230070266835765                    0002010000005000490500000000002N           1  011433 4/4  02052500000000660300000000001N180225040000000000001100000000000000000000000000000000000000000000000200285665000199G O HIDRAULICA E COMERCIO LTDA          AVENIDA IVO TREVISAN  570,                          13172260002734649000161  SEREPTA COMERCIO E IMPORTACAO DE ARTEFATOS 000035
1000000000000000000 0009057230070266835780                    0002010000005000464600000000002N           1  011424 2/3  15042500000001274450000000001N140225040000000000002120000000000000000000000000000000000000000000000201976654000118GUSMANG COMERCIO DE MANGUEIRAS E CONEXOER TIBAGI  269,                                      86025270002734649000161  SEREPTA COMERCIO E IMPORTACAO DE ARTEFATOS 000036
1000000000000000000 0009057230070266835014                    0002010000000100449500000000002N           1  014648/002  17042500000001919980000000001N100225040000000000005120000000000000000000000000000000000000000000000234638666000191E V DE OLIVEIRA COMERCIO DE ESSENCIAS   RUA SILVEIRA MARTINS,167                            01019000005761896000145  INNPLAST INDUSTRIA PLASTICA LTDA           000037
1000000000000000000 0009057230070266836142                    0002010000005000517000000000002N           1  011438 2/2  22042500000000715150000000001N210225040000000000001190000000000000000000000000000000000000000000000211496498000141S  MARTINS   METALURGICA                ROD PR 317 KM 10  S N,                              86650000002734649000161  SEREPTA COMERCIO E IMPORTACAO DE ARTEFATOS 000038
1000000000000000000 0009057230070266836116                    0002010000005000529400000000002N           1  011445 3/3  03062500000000788990000000001N050325040000000000001310000000000000000000000000000000000000000000000204785438000183CONVICTA INDUSTRIA E COMERCIO LTDA      AV GUATUPE  4321   BARRACAO A,                      83055530002734649000161  SEREPTA COMERCIO E IMPORTACAO DE ARTEFATOS 000039
1000000000000000000 0009057230070266835146                    0002010000000100493200000000002N           1  014653/002  14042500000003359970000000001N120225040000000000008960000000000000000000000000000000000000000000000224587522000280LOJA PARAISO EIRELI EPP                 RUA BUENO DE ANDRADE,822                            01526000005761896000145  INNPLAST INDUSTRIA PLASTICA LTDA           000040
1000000000000000000 0009057230070266835807                    0002010000005000491300000000002N           1  011434 1/5  21032500000001620500000000001N190225040000000000002700000000000000000000000000000000000000000000000209061415000140RIWAS COMERCIO E MANUTENCAO DE HIDRAULICRUA ELVIRA MORO COSTA,420                           83015806002734649000161  SEREPTA COMERCIO E IMPORTACAO DE ARTEFATOS 000041
1000000000000000000 0009057230070266835081                    0002010000000100454100000000002N           1  0111757-004 03052500000001155160000000001N120225040000000000003080000000000000000000000000000000000000000000000249447052000108SUPERARTECH LTDA                        RUA 211,551                                         74530080004658432000145  ASATEC SULAMERICA TECNOLOGIA ANTI ROUBO LTD000042
1000000000000000000 0009057230070266836125                    0002010000005000531600000000002N           1  011446 2/3  05052500000001114630000000001N050325040000000000001860000000000000000000000000000000000000000000000255088784000143TLF HIDRAULICA E PNEUMATICA LTDA        RUA GIOVANNI GRANDO FILHO,441                       95705882002734649000161  SEREPTA COMERCIO E IMPORTACAO DE ARTEFATOS 000043
1000000000000000000 0009057230070266836140                    0002010000005000502200000000002N           1  011388 4/4  02062500000004526610000000001N310125040000000000007540000000000000000000000000000000000000000000000212354535000140BASE FORTE GEOTECNIA LTDA               R MARANHAO  20   LETRA D,                           89815420002734649000161  SEREPTA COMERCIO E IMPORTACAO DE ARTEFATOS 000044
1000000000000000000 0009057230070266835001                    0002010000000100450900000000002N           1  014648/003  24042500000001920040000000001N100225040000000000005120000000000000000000000000000000000000000000000234638666000191E V DE OLIVEIRA COMERCIO DE ESSENCIAS   RUA SILVEIRA MARTINS,167                            01019000005761896000145  INNPLAST INDUSTRIA PLASTICA LTDA           000045
1000000000000000000 0009057230070266835147                    0002010000000100494000000000002N           1  014653/003  21042500000003360060000000001N120225040000000000008960000000000000000000000000000000000000000000000224587522000280LOJA PARAISO EIRELI EPP                 RUA BUENO DE ANDRADE,822                            01526000005761896000145  INNPLAST INDUSTRIA PLASTICA LTDA           000046
1000000000000000000 0009057230070266835117                    0002010000005000404200000000002N           1  011375 5/5  02052500000000595780000000001N310125040000000000000990000000000000000000000000000000000000000000000224392369000155MULTIMACO COMERCIAL DE TERMINAIS E MANGUR IDA BERLET  1300   SALA A,                        98200000002734649000161  SEREPTA COMERCIO E IMPORTACAO DE ARTEFATOS 000047
1000000000000000000 0009057230070266836146                    0002010000005000511100000000002N           1  011437 3/7  22042500000002799960000000001N190225040000000000004670000000000000000000000000000000000000000000000220847648000105BRAZIL FLEX   COMERCIO IMPORTACAO E EXPOR DOS ALIADOS,791                                   14080570002734649000161  SEREPTA COMERCIO E IMPORTACAO DE ARTEFATOS 000048
1000000000000000000 0009057230070266835043                    0002010000000100409600000000002N           1  01000000000025032500000003425530000000001N110225040000000000009130000000000000000000000000000000000000000000000213237761000103SGF TELEINFORMATICA LTDA                RUA BARAO DO CERRO AZUL,330                         84010210053838073000113  C CONNECT UP SOLUCOES EM REDES LTDA        000049
1000000000000000000 0009057230070266835761                    0002010000005000455700000000002N           1  011419 3/4  13052500000001329140000000001N120225040000000000002220000000000000000000000000000000000000000000000250804352000178GR MANGUEIRAS CONEXOES HIDRAULICAS LTDA R ARTHUR CESAR,211                                  18147000002734649000161  SEREPTA COMERCIO E IMPORTACAO DE ARTEFATOS 000050
1000000000000000000 0009057230070266835812                    0002010000005000497200000000002N           1  011435 2/3  22042500000001383760000000001N190225040000000000002310000000000000000000000000000000000000000000000275415406000134COMERCIO DE MANGUEIRAS SCHULZ LTDA      R DOUTOR REINALDO SCHMITHAUSEN,3081                 88311481002734649000161  SEREPTA COMERCIO E IMPORTACAO DE ARTEFATOS 000051
1000000000000000000 0009057230070266835080                    0002010000000100453300000000002N           1  0111757-003 13042500000001155170000000001N120225040000000000003080000000000000000000000000000000000000000000000249447052000108SUPERARTECH LTDA                        RUA 211,551                                         74530080004658432000145  ASATEC SULAMERICA TECNOLOGIA ANTI ROUBO LTD000052
1000000000000000000 0009057230070266835092                    0002010000005000431P00000000002N           1  011409 2/2  11042500000001012810000000001N100225040000000000001690000000000000000000000000000000000000000000000229133427000140L P REDEDE COMERCIO VAREJISTA E ATACADISRUA ALIPIO DOS SANTOS  1655,                        83221630002734649000161  SEREPTA COMERCIO E IMPORTACAO DE ARTEFATOS 000053
1000000000000000000 0009057230070266835029                    0002010000000100396000000000002N           1  0111755-005 11072500000002030000000000001N110225040000000000005410000000000000000000000000000000000000000000000205043673000142E C MARTINS SEGURANCA LTDA              RUA JOAQUIM MEDEIROS,910                            17350302004658432000145  ASATEC SULAMERICA TECNOLOGIA ANTI ROUBO LTD000054
1000000000000000000 0009057230070266836114                    0002010000005000523500000000002N           1  011443 2/2  09042500000000678670000000001N260225040000000000001130000000000000000000000000000000000000000000000232728129000107SHOPPING DAS MANGUEIRAS E PARAFUSOS EIRER MANOEL DE PAULA MENEZES LIMA  164   PA            49400000002734649000161  SEREPTA COMERCIO E IMPORTACAO DE ARTEFATOS 000055
1000000000000000000 0009057230070266836120                    0002010000005000508100000000002N           1  011436 3/3  20052500000003660760000000001N190225040000000000006100000000000000000000000000000000000000000000000209486285000197WELL IMPLEMENTOS RODOVIARIOS EIRELI     R SANTANA  346   E N  356 CENTRO CASA,              25915000002734649000161  SEREPTA COMERCIO E IMPORTACAO DE ARTEFATOS 000056
1000000000000000000 0009057230070266835811                    0002010000005000492100000000002N           1  011434 2/5  07042500000001620500000000001N190225040000000000002700000000000000000000000000000000000000000000000209061415000140RIWAS COMERCIO E MANUTENCAO DE HIDRAULICRUA ELVIRA MORO COSTA,420                           83015806002734649000161  SEREPTA COMERCIO E IMPORTACAO DE ARTEFATOS 000057
1000000000000000000 0009057230070266835020                    0002010000000100445200000000002N           1  014645/003  25042500000001925140000000001N100225040000000000005130000000000000000000000000000000000000000000000239249058000109THIAGO MARQUES AMORIM                   AVENIDA CELSO DOS SANTOS,537                        04658240005761896000145  INNPLAST INDUSTRIA PLASTICA LTDA           000058
1000000000000000000 0009057230070266835030                    0002010000000100395200000000002N           1  0111755-004 11062500000002030000000000001N110225040000000000005410000000000000000000000000000000000000000000000205043673000142E C MARTINS SEGURANCA LTDA              RUA JOAQUIM MEDEIROS,910                            17350302004658432000145  ASATEC SULAMERICA TECNOLOGIA ANTI ROUBO LTD000059
1000000000000000000 0009057230070266835798                    0002010000005000468900000000002N           1  011425 3/4  15042500000000809670000000001N140225040000000000001350000000000000000000000000000000000000000000000211890999000108INDUSTRIA MECANICA CRC LTDA             ROD  476   ESTRADA DA LAPA  455   KM 161            83703035002734649000161  SEREPTA COMERCIO E IMPORTACAO DE ARTEFATOS 000060
1000000000000000000 0009057230070266835036                    0002010000000100401000000000002N           1  0111755-105 20072500000001664040000000001N110225040000000000004440000000000000000000000000000000000000000000000205043673000142E C MARTINS SEGURANCA LTDA              RUA JOAQUIM MEDEIROS,910                            17350302004658432000145  ASATEC SULAMERICA TECNOLOGIA ANTI ROUBO LTD000061
1000000000000000000 0009057230070266835118                    0002010000005000400P00000000002N           1  011368 3/4  02052500000002685400000000001N31012504000000000000448000000000000000000000000000000000000000000000025381442000017853 814 420 FABIO DE SOUZA GONCALVES     RUA MORUBIXABA  272,                                11703570002734649000161  SEREPTA COMERCIO E IMPORTACAO DE ARTEFATOS 000062
1000000000000000000 0009057230070266835004                    0002010000000100444400000000002N           1  014645/002  18042500000001925080000000001N100225040000000000005130000000000000000000000000000000000000000000000239249058000109THIAGO MARQUES AMORIM                   AVENIDA CELSO DOS SANTOS,537                        04658240005761896000145  INNPLAST INDUSTRIA PLASTICA LTDA           000063
1000000000000000000 0009057230070266835799                    0002010000005000452200000000002N           1  011408 3/3  12052500000001001450000000001N100225040000000000001670000000000000000000000000000000000000000000000279804548000144MARTIFERRO PECAS E ACESSORIOS LTDA      R CEARA  1026,                                      85960000002734649000161  SEREPTA COMERCIO E IMPORTACAO DE ARTEFATOS 000064
1000000000000000000 0009057230070266836129                    0002010000005000501400000000002N           1  011384 4/4  02062500000002383200000000001N310125040000000000003970000000000000000000000000000000000000000000000220847648000105BRAZIL FLEX   COMERCIO IMPORTACAO E EXPOR DOS ALIADOS,791                                   14080570002734649000161  SEREPTA COMERCIO E IMPORTACAO DE ARTEFATOS 000065
1000000000000000000 0009057230070266836112                    0002010000005000507300000000002N           1  011436 2/3  22042500000003660760000000001N190225040000000000006100000000000000000000000000000000000000000000000209486285000197WELL IMPLEMENTOS RODOVIARIOS EIRELI     R SANTANA  346   E N  356 CENTRO CASA,              25915000002734649000161  SEREPTA COMERCIO E IMPORTACAO DE ARTEFATOS 000066
1000000000000000000 0009057230070266835085                    0002010000005000396800000000002N           1  011363 3/3  02052500000001100500000000001N310125040000000000001830000000000000000000000000000000000000000000000213134170000100FELIPPE E CUNHA COMERCIO E SERVICOS DE MR VEREADOR ARTHUR MANOEL MARIANO,452                88106501002734649000161  SEREPTA COMERCIO E IMPORTACAO DE ARTEFATOS 000067
1000000000000000000 0009057230070266835040                    0002010000000100415000000000002N           1  01001258/00312052500000001806660000000001N110225040000000000004820000000000000000000000000000000000000000000000224294221000188CURITIBA NOBREAK E ESTABILIZADORES LTDA RUA PRESIDENTE RODRIGO OTAVIO,106                   80050320006119445000171  GRATZIA   COMERCIO DE PECAS PARA INDUSTRIAS000068
1000000000000000000 0009057230070266836113                    0002010000005000515400000000002N           1  011437 7/7  20062500000002799980000000001N190225040000000000004670000000000000000000000000000000000000000000000220847648000105BRAZIL FLEX   COMERCIO IMPORTACAO E EXPOR DOS ALIADOS,791                                   14080570002734649000161  SEREPTA COMERCIO E IMPORTACAO DE ARTEFATOS 000069
1000000000000000000 0009057230070266834991                    0002010000000100422300000000002N           1  0121018/003 15042500000001924960000000001N100225040000000000005130000000000000000000000000000000000000000000000207526617000194RENDICOLLA COMERCIO  EXPORTACAO E IMPORTR JOSE RIGONI,385                                   84130000082370743000118  INCAPACK INDUSTRIA DE EMBALAGENS PLASTICAS 000070
1000000000000000000 0009057230070266836115                    0002010000005000533200000000002N           1  011447      02042500000000895670000000001N050325040000000000001490000000000000000000000000000000000000000000000222349847000119MAQ POSTO COMERCIO E MANUTENCAO DE MAQUIR RUTILDO PULIDO  250,                              82980620002734649000161  SEREPTA COMERCIO E IMPORTACAO DE ARTEFATOS 000071
1000000000000000000 0009057230070266835120                    0002010000005000443300000000002N           1  011419 2/4  14042500000001329140000000001N120225040000000000002220000000000000000000000000000000000000000000000250804352000178GR MANGUEIRAS CONEXOES HIDRAULICAS LTDA R ARTHUR CESAR,211                                  18147000002734649000161  SEREPTA COMERCIO E IMPORTACAO DE ARTEFATOS 000072
1000000000000000000 0009057230070266835013                    0002010000000100440100000000002N           1  014644/001  10042500000001672360000000001N100225040000000000004460000000000000000000000000000000000000000000000239249058000109THIAGO MARQUES AMORIM                   AVENIDA CELSO DOS SANTOS,537                        04658240005761896000145  INNPLAST INDUSTRIA PLASTICA LTDA           000073
1000000000000000000 0009057230070266836121                    0002010000005000524300000000002N           1  011444 1/3  31032500000001229010000000001N270225040000000000002050000000000000000000000000000000000000000000000221617504000125G S COMERCIO DE MANGUEIRAS LTDA         AV PRESIDENTE GETULIO VARGAS  3666   GAL            68745000002734649000161  SEREPTA COMERCIO E IMPORTACAO DE ARTEFATOS 000074
1000000000000000000 0009057230070266836134                    0002010000005000505700000000002N           1  011423 4/4  16062500000001665930000000001N140225040000000000002780000000000000000000000000000000000000000000000205029991000159DOMINIO EQUIPAMENTOS RODOVIARIOS LTDA   ROD BR 376   KM 131  SN   SAIDA P PARANA            87070990002734649000161  SEREPTA COMERCIO E IMPORTACAO DE ARTEFATOS 000075
1000000000000000000 0009057230070266835019                    0002010000000100442800000000002N           1  014644/003  24042500000001672420000000001N100225040000000000004460000000000000000000000000000000000000000000000239249058000109THIAGO MARQUES AMORIM                   AVENIDA CELSO DOS SANTOS,537                        04658240005761896000145  INNPLAST INDUSTRIA PLASTICA LTDA           000076
1000000000000000000 0009057230070266835033                    0002010000000100393600000000002N           1  0111755-002 12042500000002030000000000001N110225040000000000005410000000000000000000000000000000000000000000000205043673000142E C MARTINS SEGURANCA LTDA              RUA JOAQUIM MEDEIROS,910                            17350302004658432000145  ASATEC SULAMERICA TECNOLOGIA ANTI ROUBO LTD000077
1000000000000000000 0009057230070266836124                    0002010000005000522700000000002N           1  011443 1/2  26032500000000678670000000001N260225040000000000001130000000000000000000000000000000000000000000000232728129000107SHOPPING DAS MANGUEIRAS E PARAFUSOS EIRER MANOEL DE PAULA MENEZES LIMA  164   PA            49400000002734649000161  SEREPTA COMERCIO E IMPORTACAO DE ARTEFATOS 000078
1000000000000000000 0009057230070266835773                    0002010000005000465400000000002N           1  011424 3/3  15052500000001274450000000001N140225040000000000002120000000000000000000000000000000000000000000000201976654000118GUSMANG COMERCIO DE MANGUEIRAS E CONEXOER TIBAGI  269,                                      86025270002734649000161  SEREPTA COMERCIO E IMPORTACAO DE ARTEFATOS 000079
1000000000000000000 0009057230070266835781                    0002010000005000453000000000002N           1  011410 3/3  12052500000003268840000000001N110225040000000000005450000000000000000000000000000000000000000000000204785438000183CONVICTA INDUSTRIA E COMERCIO LTDA      AV GUATUPE  4321   BARRACAO A,                      83055530002734649000161  SEREPTA COMERCIO E IMPORTACAO DE ARTEFATOS 000080
1000000000000000000 0009057230070266836138                    0002010000005000527800000000002N           1  011445 1/3  04042500000000788990000000001N050325040000000000001310000000000000000000000000000000000000000000000204785438000183CONVICTA INDUSTRIA E COMERCIO LTDA      AV GUATUPE  4321   BARRACAO A,                      83055530002734649000161  SEREPTA COMERCIO E IMPORTACAO DE ARTEFATOS 000081
1000000000000000000 0009057230070266835007                    0002010000000100443600000000002N           1  014645/001  11042500000001925080000000001N100225040000000000005130000000000000000000000000000000000000000000000239249058000109THIAGO MARQUES AMORIM                   AVENIDA CELSO DOS SANTOS,537                        04658240005761896000145  INNPLAST INDUSTRIA PLASTICA LTDA           000082
1000000000000000000 0009057230070266835810                    0002010000005000493P00000000002N           1  011434 3/5  22042500000001620500000000001N190225040000000000002700000000000000000000000000000000000000000000000209061415000140RIWAS COMERCIO E MANUTENCAO DE HIDRAULICRUA ELVIRA MORO COSTA,420                           83015806002734649000161  SEREPTA COMERCIO E IMPORTACAO DE ARTEFATOS 000083
1000000000000000000 0009057230070266835037                    0002010000000100394400000000002N           1  0111755-003 12052500000002030000000000001N110225040000000000005410000000000000000000000000000000000000000000000205043673000142E C MARTINS SEGURANCA LTDA              RUA JOAQUIM MEDEIROS,910                            17350302004658432000145  ASATEC SULAMERICA TECNOLOGIA ANTI ROUBO LTD000084
1000000000000000000 0009057230070266835119                    0002010000005000415800000000002N           1  011393 2/4  07042500000001673650000000001N050225040000000000002790000000000000000000000000000000000000000000000278152451000131TORQUE MAQUINAS E EQUIPAMENTOS LTDA     AVENIDA WINSTON CHURCHILL  390,                     81130000002734649000161  SEREPTA COMERCIO E IMPORTACAO DE ARTEFATOS 000085
1000000000000000000 0009057230070266835775                    0002010000005000472700000000002N           1  011428 3/3  22042500000000710710000000001N170225040000000000001180000000000000000000000000000000000000000000000222181609000147MVM SOLUCOES INDUSTRIAIS LTDA           R TERENA  100,                                      89120000002734649000161  SEREPTA COMERCIO E IMPORTACAO DE ARTEFATOS 000086
1000000000000000000 0009057230070266836128                    0002010000005000525100000000002N           1  011444 2/3  28042500000001229010000000001N270225040000000000002050000000000000000000000000000000000000000000000221617504000125G S COMERCIO DE MANGUEIRAS LTDA         AV PRESIDENTE GETULIO VARGAS  3666   GAL            68745000002734649000161  SEREPTA COMERCIO E IMPORTACAO DE ARTEFATOS 000087
1000000000000000000 0009057230070266835086                    0002010000005000433600000000002N           1  011410 2/3  14042500000003268840000000001N110225040000000000005450000000000000000000000000000000000000000000000204785438000183CONVICTA INDUSTRIA E COMERCIO LTDA      AV GUATUPE  4321   BARRACAO A,                      83055530002734649000161  SEREPTA COMERCIO E IMPORTACAO DE ARTEFATOS 000088
1000000000000000000 0009057230070266835111                    0002010000005000399200000000002N           1  011367 5/5  02052500000000689260000000001N310125040000000000001150000000000000000000000000000000000000000000000275415406000134COMERCIO DE MANGUEIRAS SCHULZ LTDA      R DOUTOR REINALDO SCHMITHAUSEN,3081                 88311481002734649000161  SEREPTA COMERCIO E IMPORTACAO DE ARTEFATOS 000089
1000000000000000000 0009057230070266835057                    0002010000000100470300000000002N           1  0121016/002 05052500000003211050000000001N100225040000000000008560000000000000000000000000000000000000000000000211611473000141QUIMIWAY INDUSTRIA QUIMICA LTDA         RUA JAVAES COM TUPINAMBA,S/N                        74933180082370743000118  INCAPACK INDUSTRIA DE EMBALAGENS PLASTICAS 000090
1000000000000000000 0009057230070266835109                    0002010000005000394100000000002N           1  011360 3/3  02052500000001377410000000001N310125040000000000002300000000000000000000000000000000000000000000000205428276000199CASA DOS EQUIPAMENTOS LTDA ME           RUA MAXIMINO DE MORAES 419,                         89520000002734649000161  SEREPTA COMERCIO E IMPORTACAO DE ARTEFATOS 000091
1000000000000000000 0009057230070266836127                    0002010000005000503000000000002N           1  011393 4/4  05062500000001673640000000001N050225040000000000002790000000000000000000000000000000000000000000000278152451000131TORQUE MAQUINAS E EQUIPAMENTOS LTDA     AVENIDA WINSTON CHURCHILL  390,                     81130000002734649000161  SEREPTA COMERCIO E IMPORTACAO DE ARTEFATOS 000092
1000000000000000000 0009057230070266835150                    0002010000000100488600000000002N           1  01001262/00424042500000005759040000000001N130225040000000000015360000000000000000000000000000000000000000000000213376191000132VIBAZ FABRICACAO DE EMABALAGENS DE ACO ERUA LEOOZIR FERREIRA DOS SANTOS,521                 83183000006119445000171  GRATZIA   COMERCIO DE PECAS PARA INDUSTRIAS000093
1000000000000000000 0009057230070266835801                    0002010000005000479400000000002N           1  011430 3/3  19052500000001257050000000001N170225040000000000002100000000000000000000000000000000000000000000000220671595000114T  RONCARATI   COMERCIO DE ARTEFATOS DE R BAHIA  1390,                                      86025010002734649000161  SEREPTA COMERCIO E IMPORTACAO DE ARTEFATOS 000094
1000000000000000000 0009057230070266835782                    0002010000005000461100000000002N           1  011423 3/4  15052500000001665930000000001N140225040000000000002780000000000000000000000000000000000000000000000205029991000159DOMINIO EQUIPAMENTOS RODOVIARIOS LTDA   ROD BR 376   KM 131  SN   SAIDA P PARANA            87070990002734649000161  SEREPTA COMERCIO E IMPORTACAO DE ARTEFATOS 000095
1000000000000000000 0009057230070266835116                    0002010000005000397600000000002N           1  011364 3/3  02052500000002201000000000001N310125040000000000003670000000000000000000000000000000000000000000000222897840000131HENRIQUE VELOSO ROCHA                   R ALIPIO DOS SANTOS,799                             83206040002734649000161  SEREPTA COMERCIO E IMPORTACAO DE ARTEFATOS 000096
1000000000000000000 0009057230070266835034                    0002010000000100399500000000002N           1  0111755-103 20052500000001664040000000001N110225040000000000004440000000000000000000000000000000000000000000000205043673000142E C MARTINS SEGURANCA LTDA              RUA JOAQUIM MEDEIROS,910                            17350302004658432000145  ASATEC SULAMERICA TECNOLOGIA ANTI ROUBO LTD000097
1000000000000000000 0009057230070266835760                    0002010000005000460300000000002N           1  011423 2/4  15042500000001665930000000001N140225040000000000002780000000000000000000000000000000000000000000000205029991000159DOMINIO EQUIPAMENTOS RODOVIARIOS LTDA   ROD BR 376   KM 131  SN   SAIDA P PARANA            87070990002734649000161  SEREPTA COMERCIO E IMPORTACAO DE ARTEFATOS 000098
1000000000000000000 0009057230070266835115                    0002010000005000405000000000002N           1  011378 3/3  02052500000001482480000000001N310125040000000000002470000000000000000000000000000000000000000000000201390172000181JET COMPANY MAQUINAS E SERVICOS EIRELI  R RIO GRANDE DO SUL  565,                           38400650002734649000161  SEREPTA COMERCIO E IMPORTACAO DE ARTEFATOS 000099
1000000000000000000 0009057230070266835055                    0002010000000100471100000000002N           1  0121016/003 05062500000003211430000000001N100225040000000000008560000000000000000000000000000000000000000000000211611473000141QUIMIWAY INDUSTRIA QUIMICA LTDA         RUA JAVAES COM TUPINAMBA,S/N                        74933180082370743000118  INCAPACK INDUSTRIA DE EMBALAGENS PLASTICAS 000100
1000000000000000000 0009057230070266835796                    0002010000005000484000000000002N           1  011431 5/5  19052500000000691170000000001N180225040000000000001150000000000000000000000000000000000000000000000208870072000100MHP   MANGUEIRAS HIDRAULICAS PARANAGUA LROD BR 277  KM 05  15,                              83250000002734649000161  SEREPTA COMERCIO E IMPORTACAO DE ARTEFATOS 000101
1000000000000000000 0009057230070266835021                    0002010000000100435500000000002N           1  014641/003  14042500000001838880000000001N100225040000000000004900000000000000000000000000000000000000000000000224587522000280LOJA PARAISO EIRELI EPP                 RUA BUENO DE ANDRADE,822                            01526000005761896000145  INNPLAST INDUSTRIA PLASTICA LTDA           000102
1000000000000000000 0009057230070266835771                    0002010000005000469700000000002N           1  011425 4/4  30042500000000809660000000001N140225040000000000001350000000000000000000000000000000000000000000000211890999000108INDUSTRIA MECANICA CRC LTDA             ROD  476   ESTRADA DA LAPA  455   KM 161            83703035002734649000161  SEREPTA COMERCIO E IMPORTACAO DE ARTEFATOS 000103
1000000000000000000 0009057230070266836119                    0002010000005000499900000000002N           1  011368 4/4  02062500000002685400000000001N31012504000000000000448000000000000000000000000000000000000000000000025381442000017853 814 420 FABIO DE SOUZA GONCALVES     RUA MORUBIXABA  272,                                11703570002734649000161  SEREPTA COMERCIO E IMPORTACAO DE ARTEFATOS 000104
1000000000000000000 0009057230070266836136                    0002010000005000520000000000002N           1  011439 3/3  22042500000000660300000000001N250225040000000000001100000000000000000000000000000000000000000000000221090862000122CCS COMERCIO DE MAQUINAS LTDA           AV MARECHAL FLORIANO PEIXOTO  2401,                 80220000002734649000161  SEREPTA COMERCIO E IMPORTACAO DE ARTEFATOS 000105
1000000000000000000 0009057230070266835028                    0002010000000100400200000000002N           1  0111755-104 20062500000001664040000000001N110225040000000000004440000000000000000000000000000000000000000000000205043673000142E C MARTINS SEGURANCA LTDA              RUA JOAQUIM MEDEIROS,910                            17350302004658432000145  ASATEC SULAMERICA TECNOLOGIA ANTI ROUBO LTD000106
1000000000000000000 0009057230070266835766                    0002010000005000478600000000002N           1  011430 2/3  22042500000001257060000000001N170225040000000000002100000000000000000000000000000000000000000000000220671595000114T  RONCARATI   COMERCIO DE ARTEFATOS DE R BAHIA  1390,                                      86025010002734649000161  SEREPTA COMERCIO E IMPORTACAO DE ARTEFATOS 000107
1000000000000000000 0009057230070266835061                    0002010000000100484300000000002N           1  014651/003  08042500000001848750000000001N110225040000000000004930000000000000000000000000000000000000000000000262936018000157MASPA NOVA ESSENCIA EMBALAGENS ARTES LTDR SILVEIRA MARTINS  157,157                         01019000005761896000145  INNPLAST INDUSTRIA PLASTICA LTDA           000108
1000000000000000000 0009057230070266834992                    0002010000000100423100000000002N           1  0121019/001 14042500000013275360000000001N100225040000000000035400000000000000000000000000000000000000000000000202176615000107BIO EXTRATUS COSMETIC NATURAL LTDA      RODOVIA MG 123,KM 01                                35950000082370743000118  INCAPACK INDUSTRIA DE EMBALAGENS PLASTICAS 000109
1000000000000000000 0009057230070266835805                    0002010000005000498000000000002N           1  011435 3/3  20052500000001383750000000001N190225040000000000002310000000000000000000000000000000000000000000000275415406000134COMERCIO DE MANGUEIRAS SCHULZ LTDA      R DOUTOR REINALDO SCHMITHAUSEN,3081                 88311481002734649000161  SEREPTA COMERCIO E IMPORTACAO DE ARTEFATOS 000110
1000000000000000000 0009057230070266835776                    0002010000005000489100000000002N           1  011433 3/4  15042500000000660300000000001N180225040000000000001100000000000000000000000000000000000000000000000200285665000199G O HIDRAULICA E COMERCIO LTDA          AVENIDA IVO TREVISAN  570,                          13172260002734649000161  SEREPTA COMERCIO E IMPORTACAO DE ARTEFATOS 000111
1000000000000000000 0009057230070266836118                    0002010000005000504900000000002N           1  011419 4/4  12062500000001329130000000001N120225040000000000002220000000000000000000000000000000000000000000000250804352000178GR MANGUEIRAS CONEXOES HIDRAULICAS LTDA R ARTHUR CESAR,211                                  18147000002734649000161  SEREPTA COMERCIO E IMPORTACAO DE ARTEFATOS 000112
1000000000000000000 0009057230070266835792                    0002010000005000476P00000000002N           1  011429 4/4  05052500000001049820000000001N170225040000000000001750000000000000000000000000000000000000000000000203216836000116JAIME FERNANDES IPIRANGA                R TEIXEIRA DUARTE  340,                             84450000002734649000161  SEREPTA COMERCIO E IMPORTACAO DE ARTEFATOS 000113
1000000000000000000 0009057230070266835113                    0002010000005000406900000000002N           1  011382 3/4  02052500000002590230000000001N310125040000000000004320000000000000000000000000000000000000000000000245737248000178MINAS COMERCIO DE MANGUEIRAS E BORRACHASRUA DAS PRIMAVERAS  25,                             38183664002734649000161  SEREPTA COMERCIO E IMPORTACAO DE ARTEFATOS 000114
1000000000000000000 0009057230070266835054                    0002010000000100469P00000000002N           1  0121016/001 02042500000003210760000000001N100225040000000000008560000000000000000000000000000000000000000000000211611473000141QUIMIWAY INDUSTRIA QUIMICA LTDA         RUA JAVAES COM TUPINAMBA,S/N                        74933180082370743000118  INCAPACK INDUSTRIA DE EMBALAGENS PLASTICAS 000115
1000000000000000000 0009057230070266835094                    0002010000005000425500000000002N           1  011406 2/3  11042500000001064650000000001N100225040000000000001770000000000000000000000000000000000000000000000202994474000121FACEMAQ COMERCIO E MANUTENCAO DE MAQUINAAV MARECHAL FLORIANO,2.650                          80220000002734649000161  SEREPTA COMERCIO E IMPORTACAO DE ARTEFATOS 000116
1000000000000000000 0009057230070266836139                    0002010000005000512P00000000002N           1  011437 4/7  05052500000002799960000000001N190225040000000000004670000000000000000000000000000000000000000000000220847648000105BRAZIL FLEX   COMERCIO IMPORTACAO E EXPOR DOS ALIADOS,791                                   14080570002734649000161  SEREPTA COMERCIO E IMPORTACAO DE ARTEFATOS 000117
1000000000000000000 0009057230070266836133                    0002010000005000530800000000002N           1  011446 1/3  04042500000001114630000000001N050325040000000000001860000000000000000000000000000000000000000000000255088784000143TLF HIDRAULICA E PNEUMATICA LTDA        RUA GIOVANNI GRANDO FILHO,441                       95705882002734649000161  SEREPTA COMERCIO E IMPORTACAO DE ARTEFATOS 000118
1000000000000000000 0009057230070266835128                    0002010000005000393300000000002N           1  011357 3/3  02052500000001360900000000001N310125040000000000002270000000000000000000000000000000000000000000000255088784000143TLF HIDRAULICA E PNEUMATICA LTDA        RUA GIOVANNI GRANDO FILHO,441                       95705882002734649000161  SEREPTA COMERCIO E IMPORTACAO DE ARTEFATOS 000119
1000000000000000000 0009057230070266836131                    0002010000005000510300000000002N           1  011437 2/7  07042500000002799960000000001N190225040000000000004670000000000000000000000000000000000000000000000220847648000105BRAZIL FLEX   COMERCIO IMPORTACAO E EXPOR DOS ALIADOS,791                                   14080570002734649000161  SEREPTA COMERCIO E IMPORTACAO DE ARTEFATOS 000120
1000000000000000000 0009057230070266835806                    0002010000005000495600000000002N           1  011434 5/5  20052500000001620520000000001N190225040000000000002700000000000000000000000000000000000000000000000209061415000140RIWAS COMERCIO E MANUTENCAO DE HIDRAULICRUA ELVIRA MORO COSTA,420                           83015806002734649000161  SEREPTA COMERCIO E IMPORTACAO DE ARTEFATOS 000121
1000000000000000000 0009057230070266835152                    0002010000000100487800000000002N           1  01001262/00310042500000005759020000000001N130225040000000000015360000000000000000000000000000000000000000000000213376191000132VIBAZ FABRICACAO DE EMABALAGENS DE ACO ERUA LEOOZIR FERREIRA DOS SANTOS,521                 83183000006119445000171  GRATZIA   COMERCIO DE PECAS PARA INDUSTRIAS000122
1000000000000000000 0009057230070266835791                    0002010000005000475100000000002N           1  011429 3/4  14042500000001049830000000001N170225040000000000001750000000000000000000000000000000000000000000000203216836000116JAIME FERNANDES IPIRANGA                R TEIXEIRA DUARTE  340,                             84450000002734649000161  SEREPTA COMERCIO E IMPORTACAO DE ARTEFATOS 000123
1000000000000000000 0009057230070266835106                    0002010000005000423900000000002N           1  011405 2/2  11042500000000660300000000001N100225040000000000001100000000000000000000000000000000000000000000000233629149000193BRUNO DE LIMA ZOTTI                     RODOVIA BR 277  KM 518  97,                         85400000002734649000161  SEREPTA COMERCIO E IMPORTACAO DE ARTEFATOS 000124
9                                                                                                                                                                                                                                                                                                                                                                                                         000125
