01REMESSA01COBRANCA       00000000000004569549CAPIROTO DEMO SEC S/A         237BRADESCO       241024        MX0000028                                                                                                                                                                                                                                                                                     000001
100000 000000000000 0002003330207590339218                    000203000000066918040000000000CC           1  01000066918013062200000000010000000000001N130522060500000000000020000000000000000000000000000000000000000000000200409018000141SACADO                                  AV. CANDO DE ABREU, 427                             80530-00052229334000135  ABC   INDUSTRIAL LTDA                      000002
100000 000000000000 0002003330207590339244                    000203000000004360350000000000CC           1  0155/003    28072200000003408000000000001N290422060500000000006820000000000000000000000000000000000000000000000210368118000120ESTRELA 10 COMERCIO ELETRONICO EIRELI   ROD JORGE LACERDA 1208 ARMA ADHDSDHSUDHS            88317-10006307786000766  ASCENSUS COMERCIO EXTERIOR LTDA            000003
100000 000000000000 0002003330207590339680                    000203000000000020890000000000CC           1  01496/001   06072200000061503750000000001N210622060500000000123010000000000000000000000000000000000000000000000205311173000144TECNYL INDUSTRIA E COMERCIO DE TELAS LTDESTRADA DA CACHOEIRA 120                            02990-07052229334000135  ABC   INDUSTRIAL LTDA                      000004
100000 000000000000 0002003330207590344593                    000203000000004353570000000000CC           1  010270529/1 05122200000000834720000000001N061022060500000000001670000000000000000000000000000000000000000000000207546259000181LEVE CALCADOS RIOSUL LTDA - EPP         RUA R DR MARURI 1157                                89700-00052229334000135  ABC   INDUSTRIAL LTDA                      000005
100000 000000000000 0002003330207590344595                    000203000000004360430000000000CC           1  010270529/3 03022300000000834720000000001N061022060500000000001670000000000000000000000000000000000000000000000207546259000181LEVE CALCADOS RIOSUL LTDA - EPP         RUA R DR MARURI 1157                                89700-00052229334000135  ABC   INDUSTRIAL LTDA                      000006
100000 000000000000 0002003330207590344602                    000203000000004360510000000000CC           1  010270530/1 05122200000000834720000000001N061022060500000000001670000000000000000000000000000000000000000000000200563142000167ITAMARATI COMERCIO DE CONFECCOES E CALCAAV GETULIO DORNELES VARGAS - N 389 N                89801-00052229334000135  ABC   INDUSTRIAL LTDA                      000007
9                                                                                                                                                                                                                                                                                                                                                                                                         000008
